% Encoding: UTF-8


@article{arrow1961,
	Author= {Kenneth J Arrow and Leonid Hurwicz and Hirofumi Uzawa},
	Journal = {Naval Research Logistics Quarterly},
	Pages = {175-191},
	Title = {Constraint qualifications in maximization problems},
	Volume = {8},
	Year = {1961}}

